@InProceedings{haddadi07:_end_to_end_networ_topol_gener,
  author =       {Hamed Haddadi and Andrew Moore and
                  \textbf{R.~Mortier} and Miguel Rio and Gianluca
                  Iannaccone},
  title =        {End-to-End Network Topology Generation},
  booktitle =    sigcomm07,
  year =         2007,
  address =      {Kyoto, Japan},
  month =        aug,
  note =         {Extended abstract.}
}

@Article{mortier02:_python_routein_toolk,
  author =       {\textbf{R.~Mortier}},
  title =        {Python Routeing Toolkit},
  journal =      net,
  year =         2002,
  volume =       16,
  number =       5,
  pages =        {3--3},
  month =        sep,
  note =         {`Software Tools for Networking' column}
}

@TechReport{stratford99:_qos_user_agent_softw,
  author =       {Neil Stratford and \textbf{R.~Mortier}},
  title =        {{QoS} User Agent Software},
  institution =  cucl,
  year =         1999,
  type =         {{ESPRIT LTR 21917 (Pegasus II)} Deliverable},
  number =       {4.3.3}
}
