@InProceedings{haddadi10:_mixin_biases,
  author =       {Hamed Haddadi and Damien Fay and Steve Uhlig and
                  Andrew Moore and \textbf{R.~Mortier} and Almerima
                  Jamakovic},
  title =        {Mixing Biases: Structural Changes in the {AS}
                  Topology Evolution},
  booktitle =    {Proceedings of the 2nd Traffic Monitoring and
                  Analysis (TMA) Workshop},
  year =         2010,
  address =      {Zurich, Switzerland},
  month =        apr,
  url =          {http://pam2010.ethz.ch/TMA/}
}

@inproceedings{hui09:_sharin_airtim_with_shair_avoid,
  author =       {Pan Hui and \textbf{R.~Mortier} and Kuang Xu and Jon
                  Crowcroft and Victor O.K. Li},
  title =        {Sharing airtime with {Shair} avoids wasting time and
                  money},
  booktitle =    hotmobile09,
  year =         2009,
  month =        feb,
  isbn =         {978-1-60558-283-2},
  pages =        {1--6},
  address =      {Santa Cruz, CA, USA},
  doi =          {http://doi.acm.org/10.1145/1514411.1514417},
  publisher =    {ACM},
}

@InProceedings{karagiannis08:_addres_and_traff_dynam_in,
  author =       {Thomas Karagiannis and \textbf{R.~Mortier}},
  title =        {Address and traffic dynamics in a large enterprise
                  network},
  booktitle =    {Proceedings of the 16th IEEE Workshop on Local and
                  Metropolitan Area Networks (LANMAN)},
  pages =        {102--107},
  year =         2008,
  address =      {Chij-Napoca, Transylvania},
  month =        sep,
  publisher =    {IEEE},
  doi =          {http://dx.doi.org/10.1109/LANMAN.2008.4675852}
}

@inproceedings{haddadi08:_tunin_topol_gener_using_spect_distr,
  author =       {Hamed Haddadi and Damien Fay and Steve Uhlig and
                  Andrew Moore and \textbf{R.~Mortier} and Almerima
                  Jamakovic and Miguel Rio},
  title =        {Tuning Topology Generators Using Spectral
                  Distributions},
  booktitle =    {Proceedings of the SPEC International Workshop on
                  Performance Evaluation (SIPEW)},
  year =         2008,
  month =        jun,
  isbn =         {978-3-540-69813-5},
  pages =        {154--173},
  address =      {Darmstadt, Germany},
  doi =          {http://dx.doi.org/10.1007/978-3-540-69814-2_11},
  publisher =    {Springer-Verlag},
}

@InProceedings{bahl06:_discov_depen_for_networ_manag,
  author =       {Paramvir Bahl and Paul Barham and Richard Black and
                  Ranveer Chandra and Mois{\'e}s Goldszmidt and
                  Rebecca Isaacs and Srikanth Kandula and Lun Li and
                  John MacCormick and David Maltz and
                  \textbf{R.~Mortier} and Mike Wawrzoniak and Ming
                  Zhang},
  title =        {Discovering Dependencies for Network Management},
  booktitle =    hotnets06,
  year =         2006,
  month =        nov,
  pages =        {97--102},
  address =      {Irvine, CA, USA},
  publisher =    {ACM}
}

@inproceedings{mortier06:_auton_networ_manag,
  address =      {New York, NY, USA},
  author =       {\textbf{R.~Mortier} and Emre K\'{i}c\'{i}man},
  booktitle =    {Proceedings of the 2006 ACM SIGCOMM Workshop on
                  Internet Network Management (INM)},
  citeulike-article-id =1887232,
  doi =          {10.1145/1162638.1162653},
  isbn =         1595935703,
  keywords =     {2006, autonomic, inm, management, network, sigcomm},
  pages =        {89--93},
  posted-at =    {2007-11-09 04:26:54},
  priority =     4,
  publisher =    {ACM},
  title =        {Autonomic network management: Some pragmatic
                  considerations},
  url =          {http://dx.doi.org/10.1145/1162638.1162653},
  year =         2006,
  month =        aug,
}

@InProceedings{barham08:_learn_commun_patter_in_singul,
  author =       {Paul Barham and Rebecca Isaacs and
                  \textbf{R.~Mortier} and Tim Harris},
  title =        {Learning communication patterns in {Singularity}},
  booktitle =    {Proceedings of the First SIGMETRICS Workshop on
                  Machine Learning Techniques in Systems (SYSML)},
  year =         2008,
  month =        jun
}

@InProceedings{mortier06:_seaweed,
  author =       {\textbf{R.~Mortier} and Dushyanth Narayanan and
                  Austin Donnelly and Antony Rowstron },
  title =        {Seaweed: Distributed Scalable Ad Hoc Querying},
  booktitle =    {Proceedings of the 22nd IEEE International
                  Conference on Data Engineering: NetDB Workshop},
  doi =          {http://dx.doi.org/10.1109/ICDEW.2006.132},
  year =         2006,
  month =        apr,
  publisher =    {IEEE Computer Society},
  address =      {Atlanta, GA, USA},
  pages =        30
}

@inproceedings{mortier05:_anemon,
  author =       {\textbf{R.~Mortier} and Rebecca Isaacs and Paul
                  Barham},
  title =        {Anemone: Using end-systems as a rich network
                  management platform},
  booktitle =    {Proceedings of the First Annual ACM Workshop on
                  Mining Network Data (MineNet)},
  year =         2005,
  month =        aug,
  pages =        {203--204},
  doi =          {http://doi.acm.org/10.1145/1080173.1080184},
  address =      {Philadelphia, PA, USA},
  publisher =    {ACM}
}

@inproceedings{isaacs04:_reques_extrac_in_magpie,
  author =       {Rebecca Isaacs and Paul Barham and James Bulpin and
                  \textbf{R.~Mortier} and Dushyanth Narayanan},
  title =        {Request extraction in {Magpie}: Events, schemas and
                  temporal joins},
  booktitle =    {Proceedings of the 11th ACM SIGOPS European Workshop
                  (SIGOPS-EW)},
  year =         2004,
  month =        sep,
  pages =        17,
  address =      {Leuven, Belgium},
  doi =          {http://doi.acm.org/10.1145/1133572.1133608},
  publisher =    {ACM},
}

@inproceedings{stewart04:_virtual_privat_machin,
  author =       {David Bartholomew Stewart and \textbf{R.~Mortier}},
  title =        {Virtual private machines: User-centric performance},
  booktitle =    {Proceedings of the 11th ACM SIGOPS European Workshop
                  (SIGOPS-EW)},
  month =        sep,
  year =         2004,
  pages =        7,
  address =      {Leuven, Belgium},
  doi =          {http://doi.acm.org/10.1145/1133572.1133595},
  publisher =    {ACM},
}

@inproceedings{mortier03:_incen_based_inter_domain_routin,
  author =       {\textbf{R.~Mortier} and Ian Pratt},
  title =        {Incentive Based Inter-domain Routeing},
  doi =          {http://dx.doi.org/10.1007/b13249},
  month =        sep,
  publisher =    {Springer},
  series =       {Lecture Notes in Computer Science},
  volume =       2816,
  year =         2003,
  booktitle =    {Proceedings of the 3rd International Workshop on
                  Internet Charging and QoS Technologies (ICQT)},
  pages =        {308--317},
}

@InProceedings{crowcroft03:_plutar,
  title =        {{Plutarch}: An Argument for Network Pluralism},
  author =       {Jon Crowcroft and Steve Hand and \textbf{R.~Mortier}
                  and Timothy Roscoe and Andrew Warfield},
  booktitle =    {Proceedings of the ACM SIGCOMM Workshop on Future
                  Directions in Network Architecture (FDNA)},
  year =         2003,
  publisher =    {ACM},
  month =        aug,
  pages =        {258--266},
  address =      {Karlsruhe, Germany},
  doi =          {http://doi.acm.org/10.1145/944759.944763}
}

@InProceedings{crowcroft03:_qoss_downf,
  title =        {{QoS's Downfall}: At the bottom or not at all!},
  author =       {Jon Crowcroft and Steve Hand and \textbf{R.~Mortier}
                  and Timothy Roscoe and Andrew Warfield},
  booktitle =    {Proceedings of the ACM SIGCOMM Workshop on
                  Revisiting IP QoS (RIPQOS)},
  publisher =    {ACM},
  year =         2003,
  month =        aug,
  address =      {Karlsruhe, Germany},
  pages =        {190--114},
  doi =          {http://doi.acm.org/10.1145/944592.944594}
}

@inproceedings{barham03:_magpie,
  author =       {Paul Barham and Rebecca Isaacs and
                  \textbf{R.~Mortier} and Dushyanth Narayanan},
  title =        {Magpie: Online modelling and performance-aware
                  systems},
  booktitle =    hotos03,
  year =         2003,
  pages =        {85--90},
  address =      {Lihue, Hawaii, USA},
  publisher =    {USENIX Association},
}

@InProceedings{roscoe02:_predic_routin,
  title =        {{Predicate Routing}: Enabling Controlled Networking},
  author =       {Timothy Roscoe and Steve Hand and Rebecca Isaacs and
                  \textbf{R.~Mortier} and Paul Jardetzky},
  booktitle =    hotnets02,
  publisher =    {ACM},
  year =         2002,
  month =        oct,
  address =      {Princeton, NJ, USA},
  doi =          {http://doi.acm.org/10.1145/774763.774773}
}

@InProceedings{iannacone02:_analy_of_link_failur_in_ip_backb,
  author =       {Gianluca Iannacone and {Chen-Nee} Chuah and
                  \textbf{R.~Mortier} and Supratik Bhattacharyya and
                  Christophe Diot},
  title =        {Analysis of Link Failures in an {IP} Backbone},
  booktitle =    {Proceedings of the Second ACM SIGCOMM Internet
                  Measurement Workshop (IMW)},
  pages =        {237--242},
  year =         2002,
  month =        nov,
  note =         {Short paper.  Also available as Sprint ATL Technical
                  Report TR02-ATL-051025, May 2002.},
  publisher =    {ACM}
}

@InProceedings{hengartner02:_routin_loops,
  author =       {Urs Hengartner and Sue Moon and \textbf{R.~Mortier}
                  and Christophe Diot},
  title =        {Routing Loops: Detection and Analysis of their
                  Impact on Loss and Delay},
  booktitle =    {Proceedings of the Second ACM SIGCOMM Internet
                  Measurement Workshop (IMW)},
  year =         2002,
  month =        nov,
  note =         {Short paper.  Also available as Sprint ATL Technical
                  Report TR02-ATL-051001, May 2002.},
  publisher =    {ACM},
  pages =        {107--112},
  year =         2002
}

@InProceedings{roscoe02:_infos,
  title =        {{InfoSpect: Using a Logic Language for System Health
                  Monitoring in Distributed Systems}},
  author =       {Timothy Roscoe and \textbf{R.~Mortier} and Paul
                  Jardetzky and Steven Hand},
  booktitle =    {Proceedings of the 2002 ACM SIGOPS European Workshop
                  (SIGOPS-EW)},
  year =         2002,
  pages =        {31--37},
  month =        {September},
  address =      {Saint-Emilion, France},
  publisher =    {ACM},
  doi =          {http://doi.acm.org/10.1145/1133373.1133379}
}

@inproceedings{stratford99:_econom_approac_adapt_resour_manag,
  author =       "Neil Stratford and \textbf{R.~Mortier}",
  title =        "An Economic Approach to Adaptive Resource
                  Management",
  booktitle =    hotos99,
  month =        mar,
  ps =
                  {http://www.cl.cam.ac.uk/~rmm1002/publications/papers/hotos-ecos.ps.gz},
  year =         1999,
  pages =        {142--147},
  address =      {Rio Rico, AZ, USA},
  publisher =    "USENIX",
}
