@patent{20080172662,
  title =        "Code optimization across interfaces",
  number =       "US20080172662(A1)",
  Author =       "Timothy Harris and Rebecca Isaacs and Eric Koskinen and
                  Richard Mortier",
  year =         2008,
  month =        jul # "~17",
  day =          17,
  note =         "Filed January 12, 2007 (11/622,796). Published July 17, 2008 (US2008/0172662 (A1)). Issued July 3, 2012 (US 8,214,813 (B2)).",
  tags =         {patent; microsoft},
  html =         "http://www.freepatentsonline.com/20080172662.html",
  pdf =          {pdf/uspto-US20080172662.pdf}
}

@patent{20080101352,
  title =        "Dynamic activity model of network services",
  number =       "7949745",
  Author =       "Paul Barham and Richard Black and Moisés Goldszmidt and
                  Rebecca Isaacs and John MacCormick and Richard Mortier",
  year =         2011,
  month =        may # "~24",
  day =          24,
  note =         "Filed October 31, 2006 (11/554,935). Published May 1, 2008 (US2008/0101352 (A1)). Issued May 24, 2011 (US 7,949,745).",
  tags =         {patent; microsoft},
  html =         "http://www.freepatentsonline.com/20080101352.html",
  pdf =          "pdf/uspto-US20080101352.pdf"
}

@patent{20080103729,
  title =        "Distributed detection with diagnosis",
  number =       "US20080103729(A1)",
  Author =       "Paul Barham and Richard Black and Moisés Goldszmidt and
                  Rebecca Isaacs and John MacCormick and Richard Mortier",
  year =         2008,
  month =        may # "~1",
  day =          1,
  note =         "Filed October 31, 2006 (11/554,980). Published May 1, 2008 (US 2008/0103729 A1).",
  tags =         {patent; microsoft},
  html =         "http://www.freepatentsonline.com/20080103729.html",
  pdf =          "pdf/uspto-US20080103729.pdf"
}

@patent{20080082628,
  title =        "Scalable query infrastructure",
  number =       "US20080082628(A1)",
  Author =       "Antony Rowstron and Richard Mortier and Austin Donnelly and
                  Dushyanth Narayanan",
  year =         2008,
  month =        apr # "~3",
  day =          3,
  note =         "Filed September 29, 2006. Published April 3, 2008 (US 2008/0082628 A1).",
  tags =         {patent; microsoft},
  html =         "http://www.freepatentsonline.com/20080082628.html",
  pdf =          "pdf/uspto-US20080082628.pdf"
}

@patent{20070058631,
  title =        "Distributed network management",
  number =       "US20070058631(A1)",
  author =       "Richard Mortier and Paul Barham and Rebecca Isaacs",
  year =         2007,
  month =        mar # "~15",
  day =          15,
  note =         "Filed August 12, 2005 (11/203,011).  Published March 15, 2007 (US 2007/0058631 A1). Issued December 13, 2011 (US 8,077,718).",
  tags =         {patent; microsoft},
  html =         "http://www.freepatentsonline.com/20070058631.html",
  pdf =          "pdf/uspto-US20070058631.pdf"
}
