@patent{20080172662,
  title =        "Code Optimization Across Interfaces",
  number =       "US20080172662(A1),
  Author =       "Timothy Harris and Rebecca Isaacs and Eric Koskinen
                  and Richard Mortier",
  year =         2008,
  month =        jul # "~17",
  day =          17,
  note =         "Filed January 12, 2007",
  url =          "http://www.freepatentsonline.com/20080172662.html"
}

@patent{20080101352,
  title =        "DYNAMIC ACTIVITY MODEL OF NETWORK SERVICES",
  number =       "US20080101352(A1)",
  Author =       "Paul Barham and Richard Black and Moises Goldszmidt
                  and Rebecca Isaacs and John MacCormick and
                  Richard Mortier",
  year =         2008,
  month =        may # "~1",
  day =          1,
  note =         "Filed October 31, 2006",
  url =          "http://www.freepatentsonline.com/20080101352.html"
}

@patent{20080103729,
  title =        "DISTRIBUTED DETECTION WITH DIAGNOSIS",
  number =       "US20080103729(A1)",
  Author =       "Paul Barham and Richard Black and Moises Goldszmidt
                  and Rebecca Isaacs and John MacCormick and
                  Richard Mortier",
  year =         2008,
  month =        may # "~1",
  day =          1,
  note =         "Filed October 31, 2006",
  url =          "http://www.freepatentsonline.com/20080103729.html"
}

@patent{20080082628,
  title =        "Scalable Query Infrastructure",
  number =       "US20080082628(A1)",
  Author =       "Antony Rowstron and Richard Mortier and Austin
                  Donnelly and Dushyanth Narayanan",
  year =         2008,
  month =        apr # "~3",
  day =          3,
  note =         "Filed September 29, 2006",
  url =          "http://www.freepatentsonline.com/20080082628.html"
}

@patent{20070058631,
  title =        "Distributed network management",
  number =       "US20070058631(A1)",
  author =       "Richard Mortier and Paul Barham and Rebecca
                  Isaacs",
  year =         2007,
  month =        mar # "~15",
  day =          15,
  note =         "Filed August 12, 2005",
  url =          "http://www.freepatentsonline.com/20070058631.html"
}
