@inproceedings{madhavapeddy10:_multis_not_multic,
  author =       {Anil Madhavapeddy and Richard Mortier and Jon
                  Crowcroft and Steven Hand},
  title =        {Multiscale not multicore: efficient heterogeneous
                  cloud computing},
  booktitle =    {Proceedings of the 2010 ACM-BCS Visions of Computer
                  Science Conference (ACM-BCS'10)},
  year =         2010,
  isbn =         {978-1-4503-0192-3},
  pages =        {1--12},
  address =      {Edinburgh, United Kingdom},
  publisher =    {British Computer Society},
}

@InProceedings{haddadi09:_impor_of_local_connec_for,
  author =       {Hamed Haddadi and Damien Fay and Almerima Jamakovic
                  and Olaf Maennel and Andrew Moore and
                  \textbf{R.~Mortier} and Steve Uhlig},
  title =        {On the Importance of Local Connectivity for
                  {Internet} Topology Models},
  booktitle =    {Proceedings of the 21st International Teletraffic
                  Congress (ITC)},
  year =         2009,
  address =      {Paris, France},
  month =        sep,
  note =         {To appear.}
}

@InProceedings{karagiannis08:_networ_excep_handl,
  author =       {Thomas Karagiannis and \textbf{R.~Mortier} and
                  Antony Rowstron},
  title =        {Network exception handlers: Host-network control in
                  enterprise networks},
  booktitle =    sigcomm08,
  pages =        {123--134},
  year =         2008,
  address =      {Seattle, WA, USA},
  month =        aug,
  publisher =    {ACM}
}

@inproceedings{simma08:_ct_nor,
  author =       {Aleksandr Simma and Mois{\'e}s Goldszmidt and John
                  MacCormick and Paul Barham and Richard Black and
                  Rebecca Isaacs and \textbf{R.~Mortier}},
  title =        {{CT-NOR}: Representing and Reasoning About Events in
                  Continuous Time},
  booktitle =    {Proceedings of the 24th Conference in Uncertainty in
                  Artificial Intelligence (UAI)},
  year =         2008,
  month =        jul,
  publisher =    {AUAI Press},
  pages =        {484--493},
  url =
                  {http://uai2008.cs.helsinki.fi/UAI_camera_ready/simma.pdf},
  address =      {Helsinki, Finland},
}

@inproceedings{narayanan06:_delay_aware_query_with_seaweed,
  author =       {Dushyanth Narayanan and Austin Donnelly and
                  \textbf{R.~Mortier} and Antony Rowstron},
  title =        {Delay aware querying with {Seaweed}},
  booktitle =    {Proceedings of the 32nd International Conference on
                  Very Large Data Bases (VLDB)},
  year =         2006,
  month =        sep,
  pages =        {727--738},
  address =      {Seoul, Korea},
  publisher =    {VLDB Endowment},
}

@inproceedings{cooke06:_reclaim_networ_wide_visib_using,
  author =       {Evan Cooke and \textbf{R.~Mortier} and Austin
                  Donnelly and Paul Barham and Rebecca Isaacs},
  title =        {Reclaiming network-wide visibility using ubiquitous
                  endsystem monitors},
  booktitle =    {Proceedings of the USENIX Annual Technical
                  Conference},
  year =         2006,
  month =        jun,
  pages =        {357--362},
  location =     {Boston, MA},
  publisher =    {USENIX},
  address =      {Berkeley, CA, USA},
}

@inproceedings{cooke06:_dark_oracl,
  author =       {Evan Cooke and Michael Bailey and Farnam Jahanian
                  and \textbf{R.~Mortier}},
  title =        {{The Dark Oracle}: Perspective-Aware Unused and
                  Unreachable Address Discovery},
  booktitle =    {Proceedings of the 3rd Symposium on Networked
                  Systems Design \& Implementation (NSDI)},
  year =         2006,
  month =        may,
  pages =        {101--114},
  address =      {San Jose, CA, USA},
  ee =           {http://www.usenix.org/events/nsdi06/tech/cooke.html},
  publisher =    {USENIX},
}

@inproceedings{barham04:_using_magpie_for_reques_extrac,
  title =        {Using {Magpie} for request extraction and workload
                  modelling},
  author =       {Paul Barham and Austin Donnelly and Rebecca Isaacs
                  and \textbf{R.~Mortier}},
  booktitle =    {Proceedings of the 6th Symposium on Operating
                  Systems Design \& Implementation (OSDI)},
  pages =        {259--272},
  year =         2004,
  month =        dec,
  address =      {San Francisco, CA, USA},
  publisher =    {USENIX},
}

@inproceedings{isaacs99:_inca,
  author =       "Rebecca Isaacs and \textbf{R.~Mortier}",
  title =        "{INCA}: Support for {IN} Using the {T}empest",
  booktitle =    "Proceedings of the {IEEE} Global Telecommunications
                  Conference (GLOBECOM)",
  pages =        "812--816",
  month =        dec,
  year =         1999,
  address =      "Rio de Janeiro, Brazil",
  ps =
                  {http://www.cl.cam.ac.uk/~rmm1002/publications/papers/gcom-inca.ps.gz},
  publisher =    {IEEE},
}
