%%%%%%%%%%%%%%%%%%%%%%%%%%%%%%%%%%%%%%%%%%%%%%%%%%%%%%%%%%%%%%%%%%%%%%
%
% Useful abbreviations

@string{jacm="Journal of the {ACM}"}
@string{ccr="{ACM} Computer Communication Review ({CCR})"}
@string{ton="{IEEE/ACM} Transactions on Networking ({TON})"}
@string{toc="{IEEE} Transactions on Communications ({COM})"}
@string{tocs="{ACM} Transactions on Computer Systems ({TOCS})"}
@string{jsac="{IEEE} Journal on Selected Areas in Communications ({JSAC})"}
@string{comm="{IEEE} Communications Magazine"}
@string{net="{IEEE} Network Magazine"}
@string{per="{ACM} Performance Evaluation Review ({PER})"}

@string{sigcomm88="Proceedings of {ACM SIGCOMM} 1988"}
@string{sigcomm89="Proceedings of {ACM SIGCOMM} 1989"}
@string{sigcomm90="Proceedings of {ACM SIGCOMM} 1990"}
@string{sigcomm91="Proceedings of {ACM SIGCOMM} 1991"}
@string{sigcomm92="Proceedings of {ACM SIGCOMM} 1992"}
@string{sigcomm93="Proceedings of {ACM SIGCOMM} 1993"}
@string{sigcomm94="Proceedings of {ACM SIGCOMM} 1994"}
@string{sigcomm95="Proceedings of {ACM SIGCOMM} 1995"}
@string{sigcomm96="Proceedings of {ACM SIGCOMM} 1996"}
@string{sigcomm97="Proceedings of {ACM SIGCOMM} 1997"}
@string{sigcomm98="Proceedings of {ACM SIGCOMM} 1998"}
@string{sigcomm99="Proceedings of {ACM SIGCOMM} 1999"}
@string{sigcomm00="Proceedings of {ACM SIGCOMM} 2000"}
@string{sigcomm01="Proceedings of {ACM SIGCOMM} 2001"}
@string{sigcomm02="Proceedings of {ACM SIGCOMM} 2002"}
@string{sigcomm03="Proceedings of {ACM SIGCOMM} 2003"}
@string{sigcomm04="Proceedings of {ACM SIGCOMM} 2004"}
@string{sigcomm07="Proceedings of {ACM SIGCOMM} 2007"}
@string{sigcomm08="Proceedings of {ACM SIGCOMM} 2008"}
@string{sigcomm11="Proceedings of {ACM SIGCOMM} 2011"}

@string{globecom99="Proceedings of {IEEE Global Telecommunications Conference (GLOBECOM)} 1999"}
@string{globecom00="Proceedings of {IEEE Global Telecommunications Conference (GLOBECOM)} 2000"}
@string{globecom02="Proceedings of {IEEE Global Telecommunications Conference (GLOBECOM)} 2002"}

@string{hotos99="Proceedings of the Seventh USENIX Workshop on Hot Topics in Operating Systems (HotOS-VII)"}
@string{hotos03="Proceedings of the Ninth USENIX Workshop on Hot Topics in Operating Systems (HotOS-IX)"}

@string{hotnets02="Proceedings of the First ACM Workshop on Hot Topics in Networks (HotNets-I)"}
@string{hotnets03="Proceedings of the Second ACM Workshop on Hot Topics in Networks (HotNets-II)"}
@string{hotnets06="Proceedings of the Fifth ACM Workshop on Hot Topics in Networks (HotNets-V)"}

@string{hotmobile09="Proceedings of the 10th Workshop on Mobile Computing Systems and Applications (HotMobile)"}

@string{infocom93="Proceedings of {IEEE Infocom} 1993"}
@string{infocom94="Proceedings of {IEEE Infocom} 1994"}
@string{infocom95="Proceedings of {IEEE Infocom} 1995"}
@string{infocom96="Proceedings of {IEEE Infocom} 1996"}
@string{infocom97="Proceedings of {IEEE Infocom} 1997"}
@string{infocom98="Proceedings of {IEEE Infocom} 1998"}
@string{infocom99="Proceedings of {IEEE Infocom} 1999"}
@string{infocom00="Proceedings of {IEEE Infocom} 2000"}
@string{infocom01="Proceedings of {IEEE Infocom} 2001"}
@string{infocom02="Proceedings of {IEEE Infocom} 2002"}
@string{infocom03="Proceedings of {IEEE Infocom} 2003"}

@string{mobicom98="Proceedings of IEEE/ACM Mobicom 1998"}

@string{mobihoc00="Proceedings of ACM Mobihoc 2000"}
@string{mobihoc01="Proceedings of ACM Mobihoc 2001"}
@string{mobihoc02="Proceedings of ACM Mobihoc 2002"}

@string{atmf={The {ATM} Forum Technical Committee}}
@string{itu={{ITU-T}}}
@string{ietf="{IETF}"}
@string{lbl="Lawrence Berkeley National Laboratory"}
@string{cucl="University of Cambridge Computer Laboratory"}
@string{msr="Microsoft Research"}

@string{awl="Addison Wesley Longman"}
